<?xml version="1.0" encoding="UTF-8"?>
<record xmlns="http://www.loc.gov/MARC21/slim" xmlns:xsi="http://www.w3.org/2001/XMLSchema-instance" xsi:schemaLocation="http://www.loc.gov/MARC21/slim http://www.loc.gov/standards/marcxml/schema/MARC21slim.xsd">
<leader>00000cam a22      i 4500</leader>
<controlfield tag="001">002965625</controlfield>
<controlfield tag="003">NNU</controlfield>
<controlfield tag="005">20160304173200.0</controlfield>
<controlfield tag="008">860723m19151936ua abch       000 0 arar</controlfield>
<datafield tag="010" ind1=" " ind2=" ">
<subfield code="a">   59054791</subfield>
</datafield>
<datafield tag="035" ind1=" " ind2=" ">
<subfield code="a">(OCoLC)40186868</subfield>
</datafield>
<datafield tag="040" ind1=" " ind2=" ">
<subfield code="a">DLC</subfield>
<subfield code="b">eng</subfield>
<subfield code="c">CUT</subfield>
<subfield code="d">OCL</subfield>
<subfield code="d">LGG</subfield>
<subfield code="d">KRTAS</subfield>
<subfield code="d">OCLCQ</subfield>
<subfield code="d">OCLCF</subfield>
<subfield code="d">OCLCO</subfield>
<subfield code="d">OCL</subfield>
<subfield code="d">NNU</subfield>
</datafield>
<datafield tag="043" ind1=" " ind2=" ">
<subfield code="a">f-ua---</subfield>
<subfield code="a">fl-----</subfield>
</datafield>
<datafield tag="050" ind1=" " ind2="4">
<subfield code="a">DT74</subfield>
<subfield code="b">.S3 1915</subfield>
</datafield>
<datafield tag="100" ind1="1" ind2=" ">
<subfield code="6">880-01</subfield>
<subfield code="a">Sāmī, Amīn,</subfield>
<subfield code="d">-1941.</subfield>
</datafield>
<datafield tag="245" ind1="1" ind2="0">
<subfield code="6">880-02</subfield>
<subfield code="a">Taqwīm al-Nīl,</subfield>
<subfield code="b">wa-asmāʼ man tawallū amr Miṣr wa-muddat ḥukmihim ʻalayhā wa-mulāḥaẓāt taʼrīkhīyah ʻan aḥwāl al-khilāfah al-ʻāmmah wa-shuʼūn Miṣr al-khāṣṣah ʻan al-muddah al-munḥaṣarah bayna al-sanah al-ulá wa-sanat 1333 al-Hijrīyah 622-1915 Mīlādīyah)</subfield>
<subfield code="c">li-wāḍiʻihi Amīn Sāmī. Muqaddimat al-kitāb [wa-3 ajzāʼ].</subfield>
</datafield>
<datafield tag="260" ind1=" " ind2=" ">
<subfield code="6">880-03</subfield>
<subfield code="a">al-Qāhirah :</subfield>
<subfield code="b">Maṭbaʻat al-Amīrīyah,</subfield>
<subfield code="c">1916.</subfield>
</datafield>
<datafield tag="300" ind1=" " ind2=" ">
<subfield code="a">4 volumes in 6 :</subfield>
<subfield code="b">illustrations, plates, portraits, folded color maps, diagrams, facsimiles, tables ;</subfield>
<subfield code="c">32 cm</subfield>
</datafield>
<datafield tag="336" ind1=" " ind2=" ">
<subfield code="a">text</subfield>
<subfield code="b">txt</subfield>
<subfield code="2">rdacontent</subfield>
</datafield>
<datafield tag="337" ind1=" " ind2=" ">
<subfield code="a">unmediated</subfield>
<subfield code="b">n</subfield>
<subfield code="2">rdamedia</subfield>
</datafield>
<datafield tag="338" ind1=" " ind2=" ">
<subfield code="a">volume</subfield>
<subfield code="b">nc</subfield>
<subfield code="2">rdacarrier</subfield>
</datafield>
<datafield tag="500" ind1=" " ind2=" ">
<subfield code="a">Vol. 2-3 have imprint: al-Qāhirah, Maṭbaʻah Dār al-Kutub al-Miṣrīyah.</subfield>
</datafield>
<datafield tag="500" ind1=" " ind2=" ">
<subfield code="a">Accompanied by supplement: Mulḥaq taqwīm al-Nīl (6, 150 p. : ill., maps ; 32 cm.).</subfield>
</datafield>
<datafield tag="505" ind1="1" ind2=" ">
<subfield code="a">[Juzʼ ghayr muraqqam] Muqaddimat al-kitāb. 1916 -- al-juzʼ 1. 622-1516. 1915 -- al-juzʼ 2. 1517-1848. 1932 -- al-juzʼ 3.: al-mujallad 1. 1848-1863. al-mujallad 2. 1863-1872. al-mujallad 3. 1873-1879. 1936.</subfield>
</datafield>
<datafield tag="651" ind1=" " ind2="0">
<subfield code="a">Egypt</subfield>
<subfield code="x">History</subfield>
<subfield code="v">Chronology.</subfield>
</datafield>
<datafield tag="650" ind1=" " ind2="0">
<subfield code="a">Stream measurements</subfield>
<subfield code="z">Nile River.</subfield>
</datafield>
<datafield tag="650" ind1=" " ind2="7">
<subfield code="a">Stream measurements.</subfield>
<subfield code="2">fast</subfield>
<subfield code="0">(OCoLC)fst01134581</subfield>
</datafield>
<datafield tag="651" ind1=" " ind2="7">
<subfield code="a">Egypt.</subfield>
<subfield code="2">fast</subfield>
<subfield code="0">(OCoLC)fst01208755</subfield>
</datafield>
<datafield tag="651" ind1=" " ind2="7">
<subfield code="a">Nile River.</subfield>
<subfield code="2">fast</subfield>
<subfield code="0">(OCoLC)fst01242174</subfield>
</datafield>
<datafield tag="655" ind1=" " ind2="7">
<subfield code="a">Chronologies.</subfield>
<subfield code="2">fast</subfield>
<subfield code="0">(OCoLC)fst01423901</subfield>
</datafield>
<datafield tag="655" ind1=" " ind2="7">
<subfield code="a">History.</subfield>
<subfield code="2">fast</subfield>
<subfield code="0">(OCoLC)fst01411628</subfield>
</datafield>
<datafield tag="740" ind1="0" ind2="2">
<subfield code="6">880-04</subfield>
<subfield code="a">Mulḥaq taqwīm al-Nīl.</subfield>
</datafield>
<datafield tag="776" ind1="0" ind2="8">
<subfield code="i">Online version:</subfield>
<subfield code="a">Sāmī, Amīn, -1941.</subfield>
<subfield code="t">Taqwīm al-Nīl.</subfield>
<subfield code="d">al-Qāhirah, Maṭbaʻat al-Amīrīyah, 1334 [ḥaqīqatan 1333]-1355/1916 [ḥaqīqatan 1915]-1936 [1915-1936]</subfield>
<subfield code="w">(OCoLC)551698983</subfield>
</datafield>
<datafield tag="776" ind1="0" ind2="8">
<subfield code="i">Online version:</subfield>
<subfield code="a">Sāmī, Amīn, -1941.</subfield>
<subfield code="t">Taqwīm al-Nīl.</subfield>
<subfield code="d">al-Qāhirah, Maṭbaʻat al-Amīrīyah, 1334 [ḥaqīqatan 1333]-1355/1916 [ḥaqīqatan 1915]-1936 [1915-1936]</subfield>
<subfield code="w">(OCoLC)607681843</subfield>
</datafield>
<datafield tag="880" ind1="1" ind2=" ">
<subfield code="6">100-01/</subfield>
<subfield code="a">سامى، أمين،</subfield>
<subfield code="d">-1941.</subfield>
</datafield>
<datafield tag="880" ind1="1" ind2="0">
<subfield code="6">245-02/</subfield>
<subfield code="a">تقويم النيل وأسماء من تولوا أمر مصر ومدة حكمهم عليها وملاحظات تاريخية عن أحوال الخلافة العامة وشؤن مصر الخاصة /</subfield>
<subfield code="c">لواضعه أمين سامى باشا.</subfield>
</datafield>
<datafield tag="880" ind1=" " ind2=" ">
<subfield code="6">260-03/</subfield>
<subfield code="a">القاهرة :</subfield>
<subfield code="b">مطبعة الاميرية،</subfield>
<subfield code="c">1916.</subfield>
</datafield>
<datafield tag="880" ind1="0" ind2=" ">
<subfield code="6">740-04/</subfield>
<subfield code="a">ملحق تقويم النيل.</subfield>
</datafield>
<datafield tag="OWN" ind1=" " ind2=" ">
<subfield code="a">GENERAL</subfield>
</datafield>
<datafield tag="AVA" ind1=" " ind2=" ">
<subfield code="a">NYU50</subfield>
<subfield code="b">BOBST</subfield>
<subfield code="c">Main Collection</subfield>
<subfield code="d">DT74 .S3 Oversize</subfield>
<subfield code="e">unavailable</subfield>
<subfield code="t">Unavailable</subfield>
<subfield code="f">2</subfield>
<subfield code="g">2</subfield>
<subfield code="h">Y</subfield>
<subfield code="i">0</subfield>
<subfield code="j">MAIN</subfield>
<subfield code="k">0</subfield>
</datafield>
</record>
